@phdthesis{Peotta2012,
 author = {Laerte Peotta de Melo},
 title  = {DAP (Dynamic Authorization Protocol): Uma Abordagem Segura Out-Of-Band
Para E-Bank Com Um Segundo Fator De Autenticação Visual},
 school = {University of Brasília},
 year   = {2012},
 month  = Aug,
 url    = {http://repositorio.unb.br/handle/10482/12963}
},

@article{Burrows90,
 author = {Michael Burrows and Martin Abadi and Roger Needham},
 title = {A Logic of Authentication},
 journal = {ACM Trans. Comput. Syst.},
 issue_date = {Feb. 1990},
 volume = {8},
 number = {1},
 month = feb,
 year = {1990},
 issn = {0734-2071},
 pages = {18--36},
 numpages = {19},
 doi = {10.1145/77648.77649},
 publisher = {ACM},
 address = {New York, NY, USA}
},

@article{AbadiNeedham96,
 author = {Martín Abadi and Roger Needham},
 title = {Prudent Engineering Practice for Cryptographic Protocols},
 journal = {IEEE Trans. Softw. Eng.},
 issue_date = {January 1996},
 volume = {22},
 number = {1},
 month = jan,
 year = {1996},
 issn = {0098-5589},
 pages = {6--15},
 numpages = {10},
 url = {http://dx.doi.org/10.1109/32.481513},
 doi = {10.1109/32.481513},
 acmid = {229714},
 publisher = {IEEE Press},
 address = {Piscataway, NJ, USA}
},

@article{Diffie92,
 author = {Whitfield Diffie and Paul C. Van Oorschot and Michael J. Wiener},
 title = {Authentication and Authenticated Key Exchanges},
 journal = {Des. Codes Cryptography},
 issue_date = {June 1992},
 volume = {2},
 number = {2},
 month = jun,
 year = {1992},
 issn = {0925-1022},
 pages = {107--125},
 numpages = {19},
 url = {http://dx.doi.org/10.1007/BF00124891},
 doi = {10.1007/BF00124891},
 publisher = {Kluwer Academic Publishers},
 address = {Norwell, MA, USA}
},

@inproceedings{Bellare96,
 author = {Mihir Bellare and Ran Canetti and Hugo Krawczyk},
 title = {Keying Hash Functions for Message Authentication},
 booktitle = {Proceedings of the 16th Annual International Cryptology Conference on Advances in Cryptology},
 series = {CRYPTO '96},
 year = {1996},
 isbn = {3-540-61512-1},
 pages = {1--15},
 numpages = {15},
 url = {http://dl.acm.org/citation.cfm?id=646761.706031},
 acmid = {706031},
 publisher = {Springer-Verlag},
 address = {London, UK, UK},
},

@misc{AES,
  title = {Specification for the Advanced Encryption Standard (AES)},
  howpublished = {Federal Information Processing Standards Publication 197},
  year = {2001},
  url = {http://csrc.nist.gov/publications/fips/fips197/fips-197.pdf}
}

@article{Gollmann2000,
  author  = {Dieter Gollmann},
  title   = {On the Verification of Cryptographic Protocols},
  journal = {Electronic Notes in Theoretical Computer Science},
  volume  = {32},
  pages   = {42 -- 58},
  year    = {2000},
  note    = {Workshop on secure architectures and information flow},
  issn    = {1571-0661},
  doi     = {http://dx.doi.org/10.1016/S1571-0661(04)00094-5},
},

@article{BellaPaulson2006,
 author = {Giampaolo Bella and Lawrence C. Paulson},
 title = {Accountability Protocols: Formalized and Verified},
 journal = {ACM Trans. Inf. Syst. Secur.},
 issue_date = {May 2006},
 volume = {9},
 number = {2},
 month = may,
 year = {2006},
 issn = {1094-9224},
 pages = {138--161},
 numpages = {24},
 doi = {10.1145/1151414.1151416},
 acmid = {1151416},
 publisher = {ACM},
 address = {New York, NY, USA}
},

@article{Bella2003,
 author = {Giampaolo Bella},
 title = {Inductive Verification of Smart Card Protocols},
 journal = {J. Comput. Secur.},
 issue_date = {February 2003},
 volume = {11},
 number = {1},
 month = feb,
 year = {2003},
 issn = {0926-227X},
 pages = {87--132},
 numpages = {46},
 url = {http://dl.acm.org/citation.cfm?id=773065.773068},
 acmid = {773068},
 publisher = {IOS Press},
 address = {Amsterdam, The Netherlands, The Netherlands},
},

@inproceedings{DolevYao81,
 author = {Danny Dolev and Andrew C. Yao},
 title = {On the Security of Public Key Protocols},
 booktitle = {Proceedings of the 22nd Annual Symposium on Foundations of Computer Science},
 series = {SFCS '81},
 year = {1981},
 pages = {350--357},
 numpages = {8},
 doi = {10.1109/SFCS.1981.32},
 acmid = {1382728},
 publisher = {IEEE Computer Society},
 address = {Washington, DC, USA}
},

@article{Paulson98,
 author  = {Lawrence C. Paulson},
 title   = {The Inductive Approach to Verifying Cryptographic Protocols},
 journal = {Journal of Computer Security},
 volume  = {6},
 number  = {1-2},
 month   = Jan,
 year    = {1998},
 issn    = {0926-227X},
 pages   = {85--128},
 url     = {http://dl.acm.org/citation.cfm?id=353677.353681},
 publisher = {IOS Press},
 address   = {Amsterdam, The Netherlands}
},

@article{Paulson99,
 author = {Lawrence C. Paulson},
 title = {Inductive Analysis of the Internet Protocol TLS},
 journal = {ACM Trans. Inf. Syst. Secur.},
 issue_date = {Aug. 1999},
 volume = {2},
 number = {3},
 month = aug,
 year = {1999},
 issn = {1094-9224},
 pages = {332--351},
 numpages = {20},
 url = {http://doi.acm.org/10.1145/322510.322530},
 doi = {10.1145/322510.322530},
 acmid = {322530},
 publisher = {ACM},
 address = {New York, NY, USA},
 keywords = {Isabelle, TLS, authentication, inductive method, proof tools},
}

@inproceedings{Meadows94,
 author     = {Catherine Meadows},
 title      = {Formal Verification of Cryptographic Protocols: A Survey},
 booktitle  = {Proceedings of the 4th International Conference on the Theory and Applications of Cryptology: Advances in Cryptology},
 series     = {ASIACRYPT '94},
 year       = {1995},
 isbn       = {3-540-59339-X},
 pages      = {135--150},
 numpages   = {16},
 url        = {http://dl.acm.org/citation.cfm?id=647092.714095},
 publisher  = {Springer-Verlag},
 address    = {London, UK, UK}
},

@article{Meadows96,
  author = {Catherine Meadows},
  year = {1996},
  month = {02},
  pages = {113-131},
  title = {The NRL Protocol Analyzer: An Overview},
  volume = {26},
  booktitle = {The Journal of Logic Programming}
}

@article{NeedhamSchroeder78,
 author     = {Roger Needham and Michael D. Schr{\"o}eder},
 title      = {Using encryption for authentication in large networks of computers},
 journal    = {Commun. ACM},
 volume     = {21},
 number     = {12},
 year       = {1978},
 issn       = {0001-0782},
 pages      = {993--999},
 publisher  = {ACM},
 address    = {New York, NY, USA}
},

@article{RSA,
 author = {Ronald L. Rivest and Adi Shamir and Leonard M. Adleman},
 title = {A Method for Obtaining Digital Signatures and Public-key Cryptosystems},
 journal = {Commun. ACM},
 issue_date = {Feb. 1978},
 volume = {21},
 number = {2},
 month = feb,
 year = {1978},
 issn = {0001-0782},
 pages = {120--126},
 numpages = {7},
 url = {http://doi.acm.org/10.1145/359340.359342},
 doi = {10.1145/359340.359342},
 acmid = {359342},
 publisher = {ACM},
 address = {New York, NY, USA},
} ,

@inproceedings{Lowe96,
  author    = {Gavin Lowe},
  title     = {Breaking and Fixing the {N}eedham-{S}chr{\"o}eder Public-Key Protocol
               Using FDR},
  booktitle = {TACAS},
  year      = {1996},
  pages     = {147--166}
},

@article{Avalle2014,
 author    = {Matteo Avalle and Alfredo Pironti and Riccardo Sisto},
 title     = {Formal verification of security protocol implementations: a survey},
 journal   = {Formal Aspects of Computing},
 year      = {2014},
 month     = {Jan},
 volume    = {26},
 number    = {1},
 pages     = {99--123},
 issn      = {1433-299X},
 publisher = {IOS Press},
 doi       = {10.1007/s00165-012-0269-9},
 url       = {https://doi.org/10.1007/s00165-012-0269-9}
},

@inproceedings{BellareRogaway93,
 author = {Mihir Bellare and Phillip Rogaway},
 title = {Entity Authentication and Key Distribution},
 booktitle = {Proceedings of the 13th Annual International Cryptology Conference on Advances in Cryptology},
 series = {CRYPTO '93},
 year = {1994},
 isbn = {0-387-57766-1},
 location = {Santa Barbara, California, USA},
 pages = {232--249},
 numpages = {18},
 url = {http://dl.acm.org/citation.cfm?id=188105.188164},
 acmid = {188164},
 publisher = {Springer-Verlag New York, Inc.},
 address = {New York, NY, USA},
},

@inproceedings{ShoupRubin96,
 author = {Victor Shoup and Avi Rubin},
 title = {Session Key Distribution Using Smart Cards},
 booktitle = {Proceedings of the 15th Annual International Conference on Theory and Application of Cryptographic Techniques},
 series = {EUROCRYPT'96},
 year = {1996},
 isbn = {3-540-61186-X},
 location = {Saragossa, Spain},
 pages = {321--331},
 numpages = {11},
 url = {http://dl.acm.org/citation.cfm?id=1754495.1754534},
 acmid = {1754534},
 publisher = {Springer-Verlag},
 address = {Berlin, Heidelberg},
},

@article{Abadi99,
  author   = {Martín Abadi},
  title    = {Security Protocols and Their Properties},
  journal  = {Foundations of Secure Computation},
  year     = {1999},
  month    = {Jan},
  volume   = {26},
  number   = {1},
  pages    = {39--60}
},

@article{Kemmerer94,
  author = {Richard A. Kemmerer and Catherine Meadows and Jonathan K. Millen},
  title = {Three Systems for Cryptographic Protocol Analysis},
  journal = {Journal of Cryptology},
  volume = {7},
  number = {2},
  month = Jun,
  year = {1994},
  issn = {0933-2790},
  pages = {79--130},
  url = {http://dx.doi.org/10.1007/BF00197942},
  doi = {10.1007/BF00197942},
  publisher = {Springer-Verlag New York, Inc.},
  address = {Secaucus, NJ, USA}
},

@article{Hutchinson2003,
  author    = {Damien Hutchinson and Matthew Warren},
  title     = {Security for Internet Banking: a Framework},
  journal   = {Journal of Enterprise Information Management},
  year      = {2003},
  volume    = {16},
  number    = {1},
  pages     = {64--73},
  issn      = {1741-0398},
  doi       = {10.1108/09576050310453750},
},

@article{Peotta2011,
  author = {Laerte Peotta de Melo and Marcelo Holtz and Bernardo David and Flavio Deus and Rafael de Sousa Junior},
  year = {2011},
  month = {02},
  pages = {},
  title = {A Formal Classification of Internet Banking Attacks and Vulnerabilities},
  volume = {3},
  journal = {International Journal of Computer Science and Information Technology}
},

@article{Adham2013,
  author = {Manal Adham and Amir Azodi and Yvo Desmedt and Ioannis Karaolis},
  title = {How to Attack Two-Factor Authentication Internet Banking},
  year = {2013},
  publisher = {Springer},
  pages = {322--328},
  isbn = {978-3-642-39884-1},
  journal = {17th International Conference on Financial Cryptography and Data Security}
},

@inproceedings{ZhouJiang2012,
  author = {Y. Zhou and X. Jiang},
  title = {Dissecting Android Malware: Characterization and Evolution},
  booktitle = {2012 IEEE Symposium on Security and Privacy},
  year = {2012},
  pages={95-109},
  doi={10.1109/SP.2012.16},
  ISSN={1081-6011},
  month={May}
},

@inproceedings{Han2013,
  title = {Launching Generic Attacks on iOS with Approved Third-party Applications},
  author = {Han, Jin and Kywe, Su Mon and Yan, Qiang and Bao, Feng and Deng, Robert and Gao, Debin and Li, Yingjiu and Zhou, Jianying},
  booktitle = {Proceedings of the 11th International Conference on Applied Cryptography and Network Security},
  series = {ACNS'13},
  year = {2013},
  isbn = {978-3-642-38979-5},
  location = {Banff, AB, Canada},
  pages = {272--289},
  numpages = {18},
  url = {http://dx.doi.org/10.1007/978-3-642-38980-1_17},
  doi = {10.1007/978-3-642-38980-1_17},
  publisher = {Springer-Verlag},
  address = {Berlin, Heidelberg},
}

@article{Starnberger2009,
  author = {Guenther Starnberger and Lorenz Froihofer and Karl M. Göschka},
  title = {QR-TAN: Secure Mobile Transaction Authentication},
  journal = {Proceedings of the 4th International Conference on Availability, Reliability and Security, ARES 2009},
  year = {2009},
  month = {03},
  pages = {578-583},
  publisher = {IEEE}
}

@inproceedings{LeeHyunLim2010,
  author = {Young Sil Lee and Nack Hyun Kim and Hyotaek Lim and HeungKuk Jo and Hoon Jae Lee},
  booktitle = {5th International Conference on Computer Sciences and Convergence Information Technology},
  title = {Online banking authentication system using mobile-OTP with QR-code},
  year = {2010},
  pages = {644-648},
  doi = {10.1109/ICCIT.2010.5711134},
  month = {Nov}
}

@book{BoydMathuria2008,
  author =    {Colin Boyd and Anish Mathuria},
  title =     {Protocols for Authentication and Key Establishment},
  publisher = {Springer},
  isbn =      {3540431071,9783540431077},
  year =      {2008},
  edition =   {2003},
},

@book{Bella2007,
  title = {Formal Correctness of Security Protocols},
  author = {Giampaolo Bella},
  isbn = {978-3-540-68134-2},
  publisher = {Springer},
  year = {2007}
},

@book{RyanSchneider2010,
 author = {Peter Ryan and Steve Schneider},
 title = {The Modelling and Analysis of Security Protocols: The Csp Approach},
 year = {2010},
 isbn = {0-201-67471-8},
 edition = {2nd},
 publisher = {Addison-Wesley Professional},
},

@book{ross-security,
 author = {Ross J. Anderson},
 title = {Security Engineering: A Guide to Building Dependable Distributed Systems},
 year = {2008},
 isbn = {9780470068526},
 edition = {2},
 publisher = {Wiley Publishing},
},

@book{isabelle,
	author    = {Lawrence C. Paulson and Tobias Nipkow},
	title     = {Isabelle: A Generic Theorem Prover},
	year      = {1994},
  publisher = {Springer}
}

@book{isabelle-hol,
  author	  = {Tobias Nipkow and Lawrence C. Paulson and Markus Wenzel},
  title		  = {Isabelle/HOL --- A Proof Assistant for Higher-Order Logic},
  publisher	= {Springer},
  series	  = {LNCS},
  volume	  = 2283,
  year		  = 2002
},

@misc{isabelle-hol-auth,
  author = {Lawrence C. Paulson},
  title = {Isabelle HOL-Auth Libraries},
  year = 1993,
  url = {http://www.cl.cam.ac.uk/research/hvg/Isabelle/dist/library/HOL/HOL-Auth/index.html},
  urldate = {2017-10-08}
}

@INPROCEEDINGS{Bonneau2012,
  author = {J. Bonneau and C. Herley and P. C. v. Oorschot and F. Stajano},
  booktitle = {2012 IEEE Symposium on Security and Privacy},
  title = {The Quest to Replace Passwords: A Framework for Comparative Evaluation of Web Authentication Schemes},
  year = {2012},
  month = {May},
  pages = {553-567},
  doi = {10.1109/SP.2012.44},
  ISSN = {1081-6011},
}

@article{Claessens2002,
  author = {Joris Claessens and Valentin Dem and Danny De Cock and Bart Preneel and Joos Vandewalle},
  title = {On the Security of Today’s Online Electronic Banking Systems},
  journal = {Computers \& Security},
  volume = {21},
  number = {3},
  pages = {253 - 265},
  year = {2002},
  issn = {0167-4048},
  doi = {https://doi.org/10.1016/S0167-4048(02)00312-7},
  url = {http://www.sciencedirect.com/science/article/pii/S0167404802003127},
},
